@inproceedings{song2012survey,
  title={A survey of music recommendation systems and future perspectives},
  author={Song, Yading and Dixon, Simon and Pearce, Marcus},
  booktitle={9th international symposium on computer music modeling and retrieval},
  volume={4},
  pages={395--410},
  year={2012},
  organization={Citeseer}
}

@article{thaut2015music,
  title={Music as therapy in early history},
  author={Thaut, Michael H},
  journal={Progress in brain research},
  volume={217},
  pages={143--158},
  year={2015},
  publisher={Elsevier}
}

@inproceedings{de2009se,
  title={Se vc gosta de Madonna tamb{\'e}m vai gostar de Britney! Ou n{\~a}o? G{\^e}neros, gostos e disputa simb{\'o}lica nos Sistemas de Recomenda{\c{c}}{\~a}o Musical},
  author={de S{\'a}, Simone Pereira},
  booktitle={E-Comp{\'o}s},
  volume={12},
  number={2},
  year={2009}
}

@article{aliaga2019desenvolvimento,
  title={Desenvolvimento de um Sistema de Recomenda{\c{c}}{\~a}o Musical Sens{\'\i}vel ao Contexto},
  author={Aliaga, William Kraemer and others},
  year={2019},
  publisher={Florian{\'o}polis, SC.}
}

@article{monteirosistema,
  title={Um sistema de recomenda{\c{c}}{\~a}o de m{\'u}sicas brasileiras},
  year={2009},
  author={Monteiro, Maiara B and Machado, Natan R and Nogueira, Paulo AL and Campos, Thales A and Cruz, Fernando W and Ferneda, Edilson}
}

@article{ko2022survey,
  title={A survey of recommendation systems: recommendation models, techniques, and application fields},
  author={Ko, Hyeyoung and Lee, Suyeon and Park, Yoonseo and Choi, Anna},
  journal={Electronics},
  volume={11},
  number={1},
  pages={141},
  year={2022},
  publisher={MDPI}
}

@article{park2012literature,
  title={A literature review and classification of recommender systems research},
  author={Park, Deuk Hee and Kim, Hyea Kyeong and Choi, Il Young and Kim, Jae Kyeong},
  journal={Expert systems with applications},
  volume={39},
  number={11},
  pages={10059--10072},
  year={2012},
  publisher={Elsevier}
}

@article{adomavicius2005toward,
  title={Toward the next generation of recommender systems: A survey of the state-of-the-art and possible extensions},
  author={Adomavicius, Gediminas and Tuzhilin, Alexander},
  journal={IEEE transactions on knowledge and data engineering},
  volume={17},
  number={6},
  pages={734--749},
  year={2005},
  publisher={IEEE}
}

@article{soofi2017classification,
  title={Classification techniques in machine learning: applications and issues},
  author={Soofi, Aized Amin and Awan, Arshad},
  journal={Journal of Basic \& Applied Sciences},
  volume={13},
  number={1},
  pages={459--465},
  year={2017},
  publisher={Set Publishers}
}

@article{fradkov2020early,
  title={Early history of machine learning},
  author={Fradkov, Alexander L},
  journal={IFAC-PapersOnLine},
  volume={53},
  number={2},
  pages={1385--1390},
  year={2020},
  publisher={Elsevier}
}

@article{godinhorecomendaccao,
  title={Recomenda{\c{c}}{\~a}o Musical para Grupos Baseada em Modelo H{\'\i}brido},
  author={Godinho, Ariel and Vasconcelos, Felipe}
}